<record><leader>00000cas a22000007a 4500</leader><controlfield tag="001">43478577</controlfield><controlfield tag="008">000217d19771977vauwn ne     s0    0eng d</controlfield><datafield ind1=" " ind2=" " tag="010"><subfield code="a">sn 99066873 </subfield></datafield><datafield ind1=" " ind2=" " tag="040"><subfield code="a">NVK</subfield><subfield code="b">eng</subfield><subfield code="c">NVK</subfield><subfield code="d">OCL</subfield><subfield code="d">OCLCF</subfield><subfield code="d">OCLCO</subfield></datafield><datafield ind1=" " ind2=" " tag="019"><subfield code="a">7491358</subfield></datafield><datafield ind1="1" ind2=" " tag="029"><subfield code="a">AU@</subfield><subfield code="b">000021380005</subfield></datafield><datafield ind1=" " ind2=" " tag="042"><subfield code="a">msc</subfield></datafield><datafield ind1=" " ind2=" " tag="043"><subfield code="a">n-us-va</subfield></datafield><datafield ind1=" " ind2=" " tag="090"><subfield code="a">LH1.M23</subfield><subfield code="b">M21</subfield></datafield><datafield ind1="0" ind2="0" tag="245"><subfield code="a">JMU news.</subfield></datafield><datafield ind1="3" ind2=" " tag="246"><subfield code="a">James Madison University news</subfield></datafield><datafield ind1=" " ind2=" " tag="260"><subfield code="a">Harrisonburg, Va. :</subfield><subfield code="b">James Madison University, Division of University Relations,</subfield><subfield code="c">1977.</subfield></datafield><datafield ind1=" " ind2=" " tag="300"><subfield code="a">1 v. :</subfield><subfield code="b">ill. ;</subfield><subfield code="c">39 cm.</subfield></datafield><datafield ind1=" " ind2=" " tag="310"><subfield code="a">Weekly (during class sessions)</subfield></datafield><datafield ind1="0" ind2=" " tag="362"><subfield code="a">Vol. 1, no. 1 (Sept. 1, 1977)-</subfield></datafield><datafield ind1="1" ind2=" " tag="362"><subfield code="a">Ceased in 1977.</subfield></datafield><datafield ind1=" " ind2=" " tag="530"><subfield code="a">Available on microfilm from the Library of Virginia.</subfield></datafield><datafield ind1="2" ind2="0" tag="610"><subfield code="a">James Madison University</subfield><subfield code="v">Newspapers.</subfield></datafield><datafield ind1=" " ind2="0" tag="651"><subfield code="a">Harrisonburg (Va.)</subfield><subfield code="v">Newspapers.</subfield></datafield><datafield ind1=" " ind2="7" tag="655"><subfield code="a">Newspapers.</subfield><subfield code="2">fast</subfield><subfield code="0">(OCoLC)fst01423814</subfield></datafield><datafield ind1="2" ind2="7" tag="610"><subfield code="a">James Madison University.</subfield><subfield code="2">fast</subfield><subfield code="0">(OCoLC)fst00523246</subfield></datafield><datafield ind1=" " ind2="7" tag="651"><subfield code="a">Virginia</subfield><subfield code="z">Harrisonburg.</subfield><subfield code="2">fast</subfield><subfield code="0">(OCoLC)fst01224814</subfield></datafield><datafield ind1="2" ind2=" " tag="710"><subfield code="a">James Madison University.</subfield><subfield code="b">Division of University Relations.</subfield></datafield><datafield ind1=" " ind2=" " tag="752"><subfield code="a">United States</subfield><subfield code="b">Virginia</subfield><subfield code="d">Harrisonburg.</subfield></datafield><datafield ind1="0" ind2="0" tag="780"><subfield code="t">Madison news</subfield><subfield code="w">(OCoLC)4928774</subfield></datafield><datafield ind1="0" ind2="0" tag="785"><subfield code="t">James Madison news</subfield><subfield code="x">0273-6292</subfield><subfield code="w">(DLC)sn 80002233</subfield><subfield code="w">(OCoLC) 6767057</subfield></datafield><datafield ind1=" " ind2=" " tag="936"><subfield code="a">Vol. 1, no. 1 (Sept. 1, 1977) LIC</subfield></datafield></record>